<record><leader>00000cas a22000007a 4500</leader><controlfield tag="001">13233371</controlfield><controlfield tag="008">860304d1887192unjuwr ne      0    0eng d</controlfield><datafield ind1=" " ind2=" " tag="010"><subfield code="a">sn 85035858 </subfield></datafield><datafield ind1=" " ind2=" " tag="040"><subfield code="a">NPA</subfield><subfield code="b">eng</subfield><subfield code="c">NPA</subfield><subfield code="d">NJW</subfield><subfield code="d">OCL</subfield><subfield code="d">OCLCQ</subfield></datafield><datafield ind1=" " ind2=" " tag="042"><subfield code="a">msc</subfield></datafield><datafield ind1="0" ind2="4" tag="245"><subfield code="a">The Paterson censor.</subfield></datafield><datafield ind1=" " ind2=" " tag="260"><subfield code="a">Paterson, N.J. :</subfield><subfield code="b">[s.n.]</subfield></datafield><datafield ind1=" " ind2=" " tag="300"><subfield code="a">v. ;</subfield><subfield code="c">56 cm.</subfield></datafield><datafield ind1=" " ind2=" " tag="310"><subfield code="a">Weekly</subfield></datafield><datafield ind1="1" ind2=" " tag="362"><subfield code="a">Began with Apr. 18, 1887 issue; ceased in 1925?</subfield></datafield><datafield ind1=" " ind2=" " tag="500"><subfield code="a">Published by Byron Vanderhoven, &lt;1905-1910&gt;.</subfield></datafield><datafield ind1=" " ind2=" " tag="588"><subfield code="a">Description based on: Vol. 4, no. 25 (June 20, 1887).</subfield></datafield><datafield ind1=" " ind2=" " tag="752"><subfield code="a">United States</subfield><subfield code="b">New Jersey</subfield><subfield code="c">Passaic</subfield><subfield code="d">Paterson.</subfield></datafield><datafield ind1="0" ind2="0" tag="780"><subfield code="t">Censor (Paterson, N.J.)</subfield><subfield code="w">(DLC)sn 87068049</subfield><subfield code="w">(OCoLC)16246684</subfield></datafield><datafield ind1="0" ind2="0" tag="785"><subfield code="t">Paterson Sunday eagle</subfield><subfield code="w">(DLC)sn 91064041</subfield><subfield code="w">(OCoLC)24434319</subfield></datafield><datafield ind1="1" ind2=" " tag="029"><subfield code="a">AU@</subfield><subfield code="b">000022780907</subfield></datafield></record>